@inproceedings{BednarczykJ22,
  author       = {Bartosz Bednarczyk and
                  Reijo Jaakkola},
  editor       = {Stefan Szeider and
                  Robert Ganian and
                  Alexandra Silva},
  title        = {{T}owards a {M}odel {T}heory of {O}rdered {L}ogics: {E}xpressivity and {I}nterpolation},
  booktitle    = {47th International Symposium on Mathematical Foundations of Computer
                  Science, {MFCS} 2022, August 22-26, 2022, Vienna, Austria},
  series       = {LIPIcs},
  volume       = {241},
  pages        = {15:1--15:14},
  publisher    = {Schloss Dagstuhl - Leibniz-Zentrum f{\"{u}}r Informatik},
  year         = {2022},
  url          = {https://doi.org/10.4230/LIPIcs.MFCS.2022.15},
  doi          = {10.4230/LIPIcs.MFCS.2022.15},
  timestamp    = {Mon, 26 Sep 2022 17:09:13 +0200},
  biburl       = {https://dblp.org/rec/conf/mfcs/BednarczykJ22.bib},
  bibsource    = {dblp computer science bibliography, https://dblp.org}
}

@inproceedings{Bednarczyk21,
  author       = {Bartosz Bednarczyk},
  editor       = {Wolfgang Faber and
                  Gerhard Friedrich and
                  Martin Gebser and
                  Michael Morak},
  title        = {{E}xploiting {F}orwardness: {S}atisfiability and {Q}uery-{E}ntailment in {F}orward
                  {G}uarded {F}ragment},
  booktitle    = {Logics in Artificial Intelligence - 17th European Conference, {JELIA}
                  2021, Virtual Event, May 17-20, 2021, Proceedings},
  series       = {Lecture Notes in Computer Science},
  volume       = {12678},
  pages        = {179--193},
  publisher    = {Springer},
  year         = {2021},
  url          = {https://doi.org/10.1007/978-3-030-75775-5\_13},
  doi          = {10.1007/978-3-030-75775-5\_13},
  timestamp    = {Sun, 16 May 2021 00:14:37 +0200},
  biburl       = {https://dblp.org/rec/conf/jelia/Bednarczyk21.bib},
  bibsource    = {dblp computer science bibliography, https://dblp.org}
}

@article{Otto04,
  author       = {Martin Otto},
  title        = {{M}odal and {G}uarded {C}haracterisation {T}heorems over {F}inite {T}ransition {S}ystems},
  journal      = {Ann. Pure Appl. Log.},
  volume       = {130},
  number       = {1-3},
  pages        = {173--205},
  year         = {2004},
  url          = {https://doi.org/10.1016/j.apal.2004.04.003},
  doi          = {10.1016/j.apal.2004.04.003},
  timestamp    = {Fri, 21 Feb 2020 21:18:31 +0100},
  biburl       = {https://dblp.org/rec/journals/apal/Otto04.bib},
  bibsource    = {dblp computer science bibliography, https://dblp.org}
}

@article{Otto2012,
  author       = {Martin Otto},
  title        = {{H}ighly {A}cyclic {G}roups, {H}ypergraph {C}overs, and the {G}uarded {F}ragment},
  journal      = {J. {ACM}},
  volume       = {59},
  number       = {1},
  pages        = {5:1--5:40},
  year         = {2012},
  url          = {https://doi.org/10.1145/2108242.2108247},
  doi          = {10.1145/2108242.2108247},
  timestamp    = {Tue, 06 Nov 2018 12:51:44 +0100},
  biburl       = {https://dblp.org/rec/journals/jacm/Otto12.bib},
  bibsource    = {dblp computer science bibliography, https://dblp.org}
}

@book{Libkin04,
  author    = {Leonid Libkin},
  title     = {{E}lements of {F}inite {M}odel {T}heory},
  series    = {Texts in Theoretical Computer Science. An {EATCS} Series},
  publisher = {Springer},
  year      = {2004},
  doi       = {10.1007/978-3-662-07003-1},
  isbn      = {3-540-21202-7}
}

@incollection{Gradel014,
  author       = {Erich Gr{\"{a}}del and
                  Martin Otto},
  editor       = {Alexandru Baltag and
                  Sonja Smets},
  title        = {{T}he {F}reedoms of ({G}uarded) {B}isimulation},
  booktitle    = {Johan van Benthem on Logic and Information Dynamics},
  pages        = {3--31},
  publisher    = {Springer},
  year         = {2014},
  url          = {https://doi.org/10.1007/978-3-319-06025-5\_1},
  doi          = {10.1007/978-3-319-06025-5\_1},
  timestamp    = {Tue, 16 May 2017 14:01:39 +0200},
  biburl       = {https://dblp.org/rec/books/daglib/p/Gradel014.bib},
  bibsource    = {dblp computer science bibliography, https://dblp.org}
}

@article{AndrekaNB98,
  author       = {Hajnal Andr{\'{e}}ka and
                  Istv{\'{a}}n N{\'{e}}meti and
                  Johan van Benthem},
  title        = {{M}odal {L}anguages and {B}ounded {F}ragments of {P}redicate {L}ogic},
  journal      = {J. Philos. Log.},
  volume       = {27},
  number       = {3},
  pages        = {217--274},
  year         = {1998},
  url          = {https://doi.org/10.1023/A:1004275029985},
  doi          = {10.1023/A:1004275029985},
  timestamp    = {Mon, 11 May 2020 23:01:49 +0200},
  biburl       = {https://dblp.org/rec/journals/jphil/AndrekaNB98.bib},
  bibsource    = {dblp computer science bibliography, https://dblp.org}
}



@book{van1983modal,
  title={{M}odal {L}ogic and {C}lassical {L}ogic},
  author={Johan {van Benthem}},
  isbn={9788870881134},
  lccn={lc86154985},
  series={Indices (Naples, Italy)},
  year={1983},
  publisher={Bibliopolis}
}


@article{Rosen97,
  author       = {Eric Rosen},
  title        = {{M}odal {L}ogic over {F}inite {S}tructures},
  journal      = {J. Log. Lang. Inf.},
  volume       = {6},
  number       = {4},
  pages        = {427--439},
  year         = {1997},
  url          = {https://doi.org/10.1023/A:1008275906015},
  doi          = {10.1023/A:1008275906015},
  timestamp    = {Thu, 17 Sep 2020 12:00:22 +0200},
  biburl       = {https://dblp.org/rec/journals/jolli/Rosen97.bib},
  bibsource    = {dblp computer science bibliography, https://dblp.org}
}
